<record xmlns="http://www.loc.gov/MARC21/slim" xmlns:xsi="http://www.w3.org/2001/XMLSchema-instance" xsi:schemaLocation="http://www.loc.gov/MARC21/slim http://www.loc.gov/standards/marcxml/schema/MARC21slim.xsd"><leader>     nam a22        4500</leader><controlfield tag="001">3072479</controlfield><controlfield tag="003">NNC</controlfield><controlfield tag="006">m        d        </controlfield><controlfield tag="007">cr cn |||m|||a</controlfield><controlfield tag="008">150316q19uuuuuuua      ob    001 0 ara d</controlfield><datafield ind1=" " ind2=" " tag="040"><subfield code="a">NNU</subfield><subfield code="b">eng</subfield><subfield code="e">rda</subfield><subfield code="c">NNU</subfield></datafield><datafield ind1="1" ind2=" " tag="100"><subfield code="a">Dasu&#772;qi&#772;, Muh&#803;ammad ibn Ah&#803;mad ibn &#699;Arafah,</subfield><subfield code="d">-1815.</subfield></datafield><datafield ind1="1" ind2="0" tag="245"><subfield code="a">H&#803;a&#772;shi&#772;yat al-Dasu&#772;qi&#772; &#699;ala&#769; Umm al-Bara&#772;hi&#772;n :</subfield><subfield code="b">&#699;ala&#769; Sharh&#803; Umm al-Bara&#772;hi&#772;n li-mu&#700;allif al-Ima&#772;m Sayyidi&#772; Muh&#803;ammad al-Sanu&#772;si&#772; /</subfield><subfield code="c">Muh&#803;ammad al-Dasu&#772;qi&#772;. Wa-ha&#772;mishuhu, al-Sharh&#803; al-madhku&#772;r.</subfield></datafield><datafield ind1=" " ind2=" " tag="250"><subfield code="a">al-T&#803;ab&#699;ah 1.</subfield></datafield><datafield ind1=" " ind2=" " tag="260"><subfield code="a">[Cairo] :</subfield><subfield code="b">Da&#772;r Ih&#803;ya&#772;&#700; al-Kutub al-&#699;Arabi&#772;yah,</subfield><subfield code="c">[19--?]</subfield></datafield><datafield ind1=" " ind2=" " tag="300"><subfield code="a">online resource (239 pages)</subfield></datafield><datafield ind1=" " ind2=" " tag="336"><subfield code="a">text</subfield><subfield code="2">rdacontent</subfield></datafield><datafield ind1=" " ind2=" " tag="337"><subfield code="a">computer</subfield><subfield code="2">rdamedia</subfield></datafield><datafield ind1=" " ind2=" " tag="338"><subfield code="a">online resource</subfield><subfield code="2">rdacarrier</subfield></datafield><datafield ind1="1" ind2=" " tag="490"><subfield code="a">Min shuru&#772;h&#803; &#699;aqa&#772;&#700;id ahl al-Sunnah</subfield></datafield><datafield ind1=" " ind2=" " tag="500"><subfield code="a">Part of the Arabic Collections Online (ACO) project, contributed by Columbia University Libraries.</subfield></datafield><datafield ind1=" " ind2=" " tag="504"><subfield code="a">Includes bibliographical references and index.</subfield></datafield><datafield ind1=" " ind2=" " tag="533"><subfield code="a">Electronic reproduction.</subfield><subfield code="b">New York, N.Y. :</subfield><subfield code="c">New York University,</subfield><subfield code="d">2015.</subfield><subfield code="5">NNU</subfield></datafield><datafield ind1="1" ind2="0" tag="600"><subfield code="a">Sanu&#772;si&#772;, Muh&#803;ammad ibn Yu&#772;suf,</subfield><subfield code="d">approximately 1427-approximately 1490.</subfield><subfield code="t">Umm al-Bara&#772;hi&#772;n.</subfield></datafield><datafield ind1="1" ind2="0" tag="600"><subfield code="a">Sanu&#772;si&#772;, Muh&#803;ammad ibn Yu&#772;suf,</subfield><subfield code="d">approximately 1427-approximately 1490.</subfield><subfield code="t">Sharh&#803; Umm al-Bara&#772;hi&#772;n.</subfield></datafield><datafield ind1=" " ind2="0" tag="650"><subfield code="a">Islam</subfield><subfield code="x">Doctrines.</subfield></datafield><datafield ind1="1" ind2="2" tag="700"><subfield code="a">Sanu&#772;si&#772;, Muh&#803;ammad ibn Yu&#772;suf,</subfield><subfield code="d">approximately 1427-approximately 1490.</subfield><subfield code="t">Sharh&#803; Umm al- Bara&#772;hi&#772;n.</subfield></datafield><datafield ind1="2" ind2=" " tag="710"><subfield code="a">Columbia University.</subfield><subfield code="b">Libraries.</subfield></datafield><datafield ind1="0" ind2=" " tag="730"><subfield code="a">Arabic Collections Online.</subfield></datafield><datafield ind1=" " ind2=" " tag="752"><subfield code="a">Egypt</subfield><subfield code="d">Cairo.</subfield></datafield><datafield ind1="0" ind2="8" tag="776"><subfield code="i">Print version:</subfield><subfield code="a">Dasu&#772;qi&#772;, Muh&#803;ammad ibn Ah&#803;mad ibn &#699;Arafah, -1815.</subfield><subfield code="t">H&#803;a&#772;shi&#772;yat al-Dasu&#772;qi&#772; &#699;ala&#769; Umm al-Bara&#772;hi&#772;n</subfield><subfield code="w">(NNC)3072479</subfield><subfield code="w">(OCoLC)40916039</subfield></datafield><datafield ind1=" " ind2="0" tag="830"><subfield code="a">Min shuru&#772;h&#803; &#699;aqa&#772;&#700;id ahl al-Sunnah.</subfield></datafield><datafield ind1="4" ind2="0" tag="856"><subfield code="u">http://hdl.handle.net/2333.1/8w9gj0cb</subfield></datafield><datafield ind1=" " ind2=" " tag="959"><subfield code="a">NNU</subfield><subfield code="b">WEB</subfield><subfield code="c">GENI</subfield><subfield code="t">0</subfield><subfield code="m">Electronic access</subfield><subfield code="s">01</subfield></datafield><datafield ind1=" " ind2=" " tag="999"><subfield code="i">NNC_3072479</subfield><subfield code="o">(OCoLC)ocm40916039 </subfield><subfield code="s">columbia_aco000301</subfield><subfield code="e">(ERROR-880)</subfield></datafield></record>